@article{zhu2024survey,
  title={A survey of multi-agent deep reinforcement learning with communication},
  author={Zhu, Changxi and Dastani, Mehdi and Wang, Shihan},
  journal={Autonomous Agents and Multi-Agent Systems},
  volume={38},
  number={1},
  pages={4},
  year={2024},
  publisher={Springer}
}

@article{qu2020distributed,
  title={A distributed control method for urban networks using multi-agent reinforcement learning based on regional mixed strategy Nash-equilibrium},
  author={Qu, Zhaowei and Pan, Zhaotian and Chen, Yongheng and Wang, Xin and Li, Haitao},
  journal={IEEE Access},
  volume={8},
  pages={19750--19766},
  year={2020},
  publisher={IEEE}
}

% Minimax Q-learning
@incollection{littman1994markov,
  title={Markov games as a framework for multi-agent reinforcement learning},
  author={Littman, Michael L},
  booktitle={Machine learning proceedings 1994},
  pages={157--163},
  year={1994},
  publisher={Elsevier}
}

@article{hu2003nash,
  title={Nash Q-learning for general-sum stochastic games},
  author={Hu, Junling and Wellman, Michael P},
  journal={Journal of machine learning research},
  volume={4},
  number={Nov},
  pages={1039--1069},
  year={2003}
}

@inproceedings{greenwald2003correlated,
  title={Correlated Q-learning},
  author={Greenwald, Amy and Hall, Keith and Serrano, Roberto and others},
  booktitle={ICML},
  volume={3},
  pages={242--249},
  year={2003}
}

% joint action learning fails to converge
@article{zinkevich2005cyclic,
  title={Cyclic equilibria in Markov games},
  author={Zinkevich, Martin and Greenwald, Amy and Littman, Michael},
  journal={Advances in neural information processing systems},
  volume={18},
  year={2005}
}

@article{resnick2018pommerman,
  title={Pommerman: A multi-agent playground},
  author={Resnick, Cinjon and Eldridge, Wes and Ha, David and Britz, Denny and Foerster, Jakob and Togelius, Julian and Cho, Kyunghyun and Bruna, Joan},
  journal={arXiv preprint arXiv:1809.07124},
  year={2018}
}

@article{silver2017mastering,
  title={Mastering the game of go without human knowledge},
  author={Silver, David and Schrittwieser, Julian and Simonyan, Karen and Antonoglou, Ioannis and Huang, Aja and Guez, Arthur and Hubert, Thomas and Baker, Lucas and Lai, Matthew and Bolton, Adrian and others},
  journal={nature},
  volume={550},
  number={7676},
  pages={354--359},
  year={2017},
  publisher={Nature Publishing Group UK London}
}

@article{vinyals2019grandmaster,
  title={Grandmaster level in StarCraft II using multi-agent reinforcement learning},
  author={Vinyals, Oriol and Babuschkin, Igor and Czarnecki, Wojciech M and Mathieu, Micha{\"e}l and Dudzik, Andrew and Chung, Junyoung and Choi, David H and Powell, Richard and Ewalds, Timo and Georgiev, Petko and others},
  journal={nature},
  volume={575},
  number={7782},
  pages={350--354},
  year={2019},
  publisher={Nature Publishing Group}
}

@article{berner2019dota,
  title={Dota 2 with large scale deep reinforcement learning},
  author={Berner, Christopher and Brockman, Greg and Chan, Brooke and Cheung, Vicki and D{\k{e}}biak, Przemys{\l}aw and Dennison, Christy and Farhi, David and Fischer, Quirin and Hashme, Shariq and Hesse, Chris and others},
  journal={arXiv preprint arXiv:1912.06680},
  year={2019}
}

% hide-and-seek
@inproceedings{baker2019emergent,
  title={Emergent tool use from multi-agent autocurricula},
  author={Baker, Bowen and Kanitscheider, Ingmar and Markov, Todor and Wu, Yi and Powell, Glenn and McGrew, Bob and Mordatch, Igor},
  booktitle={International conference on learning representations},
  year={2019}
}

@article{suarez2021neural,
  title={The neural MMO platform for massively multiagent research},
  author={Suarez, Joseph and Du, Yilun and Zhu, Clare and Mordatch, Igor and Isola, Phillip},
  journal={arXiv preprint arXiv:2110.07594},
  year={2021}
}

@article{terry2021pettingzoo,
  title={Pettingzoo: Gym for multi-agent reinforcement learning},
  author={Terry, Jordan and Black, Benjamin and Grammel, Nathaniel and Jayakumar, Mario and Hari, Ananth and Sullivan, Ryan and Santos, Luis S and Dieffendahl, Clemens and Horsch, Caroline and Perez-Vicente, Rodrigo and others},
  journal={Advances in Neural Information Processing Systems},
  volume={34},
  pages={15032--15043},
  year={2021}
}

@inproceedings{leibo2021scalable,
  title={Scalable evaluation of multi-agent reinforcement learning with melting pot},
  author={Leibo, Joel Z and Due{\~n}ez-Guzman, Edgar A and Vezhnevets, Alexander and Agapiou, John P and Sunehag, Peter and Koster, Raphael and Matyas, Jayd and Beattie, Charlie and Mordatch, Igor and Graepel, Thore},
  booktitle={International conference on machine learning},
  pages={6187--6199},
  year={2021},
  organization={PMLR}
}

@article{li2024fightladder,
  title={FightLadder: A benchmark for competitive multi-agent reinforcement learning},
  author={Li, Wenzhe and Ding, Zihan and Karten, Seth and Jin, Chi},
  journal={arXiv preprint arXiv:2406.02081},
  year={2024}
}

@article{bjornsson2009cadiaplayer,
  title={Cadiaplayer: A simulation-based general game player},
  author={Bjornsson, Yngvi and Finnsson, Hilmar},
  journal={IEEE Transactions on Computational Intelligence and AI in Games},
  volume={1},
  number={1},
  pages={4--15},
  year={2009},
  publisher={IEEE}
}